@article {Hindmarsh,
title = {ODEPACK, A Systematized Collection of ODE Solvers},
author = {A. C. Hindmarsh},
journal = {IMACS Transactions on Scientific Computation},
volume = {1},
pages = {56-64},
year = {1983},
}

@article {Petzold,
title = {Automatic selection of methods for solving stiff and nonstiff systems of ordinary differential equations},
author = {L. Petzold},
journal = {SIAM Journal on Scientific and Statistical Computing},
volume = {10},
number = {3},
pages = {136-148},
year = {1983},
}

@Misc{lsoda,
  author =    {Eric Jones and Travis Oliphant and Pearu Peterson and others},
  title =     {{SciPy}: Open source scientific tools for {Python}},
  year =      {2001--},
  note = {"\url{https://www.scipy.org/} und
           \url{https://docs.scipy.org/doc/scipy/reference/generated/scipy.integrate.LSODA.html} [Online; Zugriff am 28.02.2018]"}
}

@inbook {Matyjaszewski2003,
title = {General Chemistry of Radical Polymerization},
author = {Yamada, Bunichiro and Zetterlund, Per B.},
publisher = {John Wiley \& Sons, Inc.},
isbn = {9780471220459},
url = {http://dx.doi.org/10.1002/0471220450.ch3},
doi = {10.1002/0471220450.ch3},
pages = {117--186},
keywords = {general chemistry, radical polymerization, initiation, propagation, chain transfer, termination, inhibition, retardation, radical generation, biomolecular termination},
booktitle = {Handbook of Radical Polymerization},
year = {2003},
}

@misc{engauge,
 author = {Mark Mitchell, Baurzhan Muftakhidinov and Tobias Winchen et al},
 note={\enquote{Engauge Digitizer Software}. Webpage: \url{http://markummitchell.github.io/engauge-digitizer}, Last Accessed: April 9, 2018}
}

@misc{goldbook,
  author = {of Pure, International Union and Chemistry, Applied},
  timestamp = {2018-02-26T11:56:24+01:00},
  title = {Compendium of Chemical Terminology, 2nd ed. (the "Gold Book")},
  year={2014},
  publisher={IUPAC},
  note={Compiled by A. D. McNaught and A. Wilkinson. Blackwell Scientific Publications, Oxford (1997). XML on-line corrected version: http://goldbook.iupac.org (2006-) created by M. Nic, J. Jirat, B. Kosata; updates compiled by A. Jenkins. Last update: 2014-02-24; version: 2.3.3.}, 
  doi = {10.1351/goldbook},
  url = {https://doi.org/10.1351/goldbook.R05230}
}
