@misc{engauge,
 author = {Mark Mitchell, Baurzhan Muftakhidinov and Tobias Winchen et al},
 note={\enquote{Engauge Digitizer Software}. Webpage: \url{http://markummitchell.github.io/engauge-digitizer}, Last Accessed: April 9, 2018}
}

@misc{goldbook,
  author = {of Pure, International Union and Chemistry, Applied},
  timestamp = {2018-02-26T11:56:24+01:00},
  title = {Compendium of Chemical Terminology, 2nd ed. (the "Gold Book")},
  year={2014},
  publisher={IUPAC},
  note={Compiled by A. D. McNaught and A. Wilkinson. Blackwell Scientific Publications, Oxford (1997). XML on-line corrected version: http://goldbook.iupac.org (2006-) created by M. Nic, J. Jirat, B. Kosata; updates compiled by A. Jenkins. Last update: 2014-02-24; version: 2.3.3.}, 
  doi = {10.1351/goldbook},
  url = {https://doi.org/10.1351/goldbook.R05230}
}
